@article{aizerman1964theoretical,
  title={Theoretical foundations of the potential function method in pattern recognition learning},
  author={Aizerman, A and Braverman, Emmanuel M and Rozoner, LI},
  journal={Automation and remote control},
  volume={25},
  pages={821--837},
  year={1964}
}
@inproceedings{boser1992training,
  title={A training algorithm for optimal margin classifiers},
  author={Boser, Bernhard E and Guyon, Isabelle M and Vapnik, Vladimir N},
  booktitle={Proceedings of the fifth annual workshop on Computational learning theory},
  pages={144--152},
  year={1992},
  organization={ACM}
}
@article{cortes1995support,
  title={Support-vector networks},
  author={Cortes, Corinna and Vapnik, Vladimir},
  journal={Machine learning},
  volume={20},
  number={3},
  pages={273--297},
  year={1995},
  publisher={Springer}
}