@article{aizerman1964theoretical,
  title={Theoretical foundations of the potential function method in pattern recognition learning},
  author={Aizerman, A and Braverman, Emmanuel M and Rozoner, LI},
  journal={Automation and remote control},
  volume={25},
  pages={821--837},
  year={1964}
}
@inproceedings{boser1992training,
  title={A training algorithm for optimal margin classifiers},
  author={Boser, Bernhard E and Guyon, Isabelle M and Vapnik, Vladimir N},
  booktitle={Proceedings of the fifth annual workshop on Computational learning theory},
  pages={144--152},
  year={1992},
  organization={ACM}
}
@article{cortes1995support,
  title={Support-vector networks},
  author={Cortes, Corinna and Vapnik, Vladimir},
  journal={Machine learning},
  volume={20},
  number={3},
  pages={273--297},
  year={1995},
  publisher={Springer}
}

@misc{svmStatSoft,
 title={{Support Vector Machine}},
 author={StatSoft},
 year={2015},
 url= {http://www.statsoft.com/textbook/support-vector-machines},
 urldate={25/03/2016}
 }
 
 @article{fernandez2014we,
  title={Do we need hundreds of classifiers to solve real world classification problems?},
  author={Fern{\'a}ndez-Delgado, Manuel and Cernadas, Eva and Barro, Sen{\'e}n and Amorim, Dinani},
  journal={The Journal of Machine Learning Research},
  volume={15},
  number={1},
  pages={3133--3181},
  year={2014},
  publisher={JMLR. org}
}
@article{vapnik1974theory,
  title={Theory of pattern recognition},
  author={Vapnik, Vladimir N and Chervonenkis, Alexey J},
  year={1974},
  publisher={Nauka}
}
@article{breiman2001random,
  title={Random forests},
  author={Breiman, Leo},
  journal={Machine learning},
  volume={45},
  number={1},
  pages={5--32},
  year={2001},
  publisher={Springer}
}
@article{anselin2000spatial,
  title={Spatial analyses of crime},
  author={Anselin, Luc and Cohen, Jacqueline and Cook, David and Gorr, Wilpen and Tita, George},
  journal={Criminal justice},
  volume={4},
  number={2},
  pages={213--262},
  year={2000},
  publisher={Washington DC: NIJ}
}

@article{olligschlaeger1997spatio,
  title={Spatio-Temporal Forecasting of Crime},
  author={Olligschlaeger, Andreas and Gorr, Wilpen},
  year={1997}
}

@INPROCEEDINGS{crimeDataMining2011,
author={C. H. Yu and M. W. Ward and M. Morabito and W. Ding},
booktitle={Data Mining Workshops (ICDMW), 2011 IEEE 11th International Conference on},
title={Crime Forecasting Using Data Mining Techniques},
year={2011},
pages={779-786},
doi={10.1109/ICDMW.2011.56},
month={Dec},}

@misc{metPolice,
author = {{Metropolitan Police Department}},
year = {2008},
url = {http://crimemap.dc.gov/},
urldate = {25/03/2016}
}

@misc{accuw,
author = {{AccuWeather}},
year = {2015},
urldate={25/03/2016},
url = {{http://premiuma.accuweather.com}}
}

@article{cohn1990weather,
  title={Weather and crime},
  author={Cohn, Ellen G},
  journal={British journal of criminology},
  volume={30},
  number={1},
  pages={51--64},
  year={1990},
  publisher={CCJS}
}

@inproceedings{bogomolov2014once,
  title={Once upon a crime: towards crime prediction from demographics and mobile data},
  author={Bogomolov, Andrey and Lepri, Bruno and Staiano, Jacopo and Oliver, Nuria and Pianesi, Fabio and Pentland, Alex},
  booktitle={Proceedings of the 16th international conference on multimodal interaction},
  pages={427--434},
  year={2014},
  organization={ACM}
}

@incollection{ehrlich1975relation,
  title={On the relation between education and crime},
  author={Ehrlich, Isaac},
  booktitle={Education, income, and human behavior},
  pages={313--338},
  year={1975},
  publisher={NBER}
}

@book{ellis2009handbook,
  title={Handbook of crime correlates},
  author={Ellis, Lee and Beaver, Kevin M and Wright, John},
  year={2009},
  publisher={Academic Press}
}

@article{patterson1991poverty,
  title={Poverty, income inequality, and community crime rates},
  author={Patterson, E Britt},
  journal={Criminology},
  volume={29},
  number={4},
  pages={755--776},
  year={1991},
  publisher={Wiley Online Library}
}

@article{kianmehr2008effectiveness,
  title={Effectiveness of support vector machine for crime hot-spots prediction},
  author={Kianmehr, Keivan and Alhajj, Reda},
  journal={Applied Artificial Intelligence},
  volume={22},
  number={5},
  pages={433--458},
  year={2008},
  publisher={Taylor \& Francis}
}

@misc{breitenbachcreating,
  title={Creating Risk-Scores in very imbalanced datasets--Predicting extremely violent crime among criminal offenders following release from prison},
  author={Breitenbach, Markus and Dieterich, William and Brennan, Tim and Fan, Adrian},
  publisher={Chapter in forthcoming book},
  year={2009}
}

@misc{breimancutlerRF,
author = {Breiman, Leo and Cutler, Adele},
year = {2015},
url = {\url{https://www.stat.berkeley.edu/~breiman/RandomForests/cc_papers.htm}}
}